%% This BibTeX bibliography file was created using BibDesk.
%% http://bibdesk.sourceforge.net/

%% Created for Keith Morse at 2016-09-19 15:34:14 -0600 


%% Saved with string encoding Unicode (UTF-8) 


@comment{jabref-meta: selector_review:}
@comment{jabref-meta: selector_publisher:}
@comment{jabref-meta: selector_author:}
@comment{jabref-meta: selector_journal:}
@comment{jabref-meta: selector_keywords:}



@techreport{Abbott1985,
	Author = {P.O. Abbott},
	Institution = {U.S. Geological Society},
	Title = {Description of water-systems operations in the arkansas river basin, colorado. Water resources Investigations report 85-4092},
	Year = {1985}}

@article{Adkinson2009,
	Author = {Adkison, Milo D.},
	Comment = {doi: 10.1890/07-1641.1},
	Issn = {1051-0761},
	Journal = {Ecological Applications},
	Month = {jan},
	Number = {1},
	Pages = {198--205},
	Publisher = {Ecological Society of America},
	Title = {Drawbacks of complex models in frequentist and Bayesian approaches to natural-resource management},
	Volume = {19},
	Year = {2009}}

@article{Alcamo1987,
	Author = {Joseph Alcamo and Jerzy Bartnickj},
	Journal = {Atmospheric Environment},
	Pages = {2121-2131},
	Title = {A Framework For Error Analysis Of A Longrange Transport Model With Emphasis On Parameter Uncertainty},
	Volume = {21},
	Year = {1987}}

@article{Allen2011,
	Author = {Richard G. Allen and Luis S. Pereira and Terry A. Howell and Marvin E. Jensen},
	Issn = {0378-3774},
	Journal = {Agricultural Water Management},
	Number = {6},
	Pages = {899-920},
	Title = {Evapotranspiration information reporting: I. Factors governing measurement accuracy},
	Volume = {98},
	Year = {2011}}

@book{FAO56,
	Author = {Richard G. Allen and Luis S. Pereira and Dirk Raes and Martin Smith},
	Publisher = {Food and Agriculture Organization of the United Nations},
	Series = {FAO Irrigation and Drainage Paper No. 56},
	Title = {Crop Evapotranspiration - guideguide for computing crop water requirements},
	Year = {1988}}

@article{AlSaleh2000154,
	Author = {I. Al-Saleh},
	Issn = {0946-672X},
	Journal = {Journal of Trace Elements in Medicine and Biology},
	Number = {3},
	Pages = {154 - 160},
	Title = {Selenium status in Saudi Arabia},
	Volume = {14},
	Year = {2000}}

@techreport{Andales2009,
	Author = {A.A. Andales and T.A. Bauder and N.J. Doesken},
	Date-Modified = {2016-09-19 21:32:34 +0000},
	Institution = {Colorado State University},
	Month = {10},
	Title = {The Colorado Agricultural Meteorological Network ({CoAgMet}) and Crop ET Reports},
	Type = {Fact Sheet No. 4.723},
	Year = {2009}}

@article{AN9952000841,
	Author = {Aro, Antti and Alfthan, Georg and Varo, Pertti},
	Issue = {3},
	Journal = {Analyst},
	Pages = {841-843},
	Publisher = {The Royal Society of Chemistry},
	Title = {Effects of supplementation of fertilizers on human selenium status in Finland},
	Volume = {120},
	Year = {1995}}

@article{Aulenbach2006,
	Author = {B. T. Aulenbach and R. P. Hooper},
	Journal = {Hydrological processes.},
	Number = {14},
	Pages = {3029-3047},
	Title = {The composite method: an improved method for stream-water solute load estimation},
	Volume = {20},
	Year = {2006}}

@phdthesis{Bailey2012Phd,
	Author = {Ryan T. Bailey},
	School = {Colorado State University},
	Title = {Regional Selenium Cycling In An Irrigated Agricultural Groundwater System: Conceptualization, Modeling, And Mitigation},
	Type = {Ph.D.},
	Year = {2012}}

@article{Bailey2012,
	Author = {Bailey, Ryan T and Hunter, William J and Gates, Timothy K.},
	Journal = {Journal of environmental quality},
	Number = {3},
	Pages = {783--792},
	Publisher = {The American Society of Agronomy, Crop Science Society of America, and Soil Science Society of America, Inc.},
	Title = {The influence of nitrate on selenium in irrigated agricultural groundwater systems},
	Volume = {41},
	Year = {2012}}

@article{Bailey2015,
	Author = {R. T. Bailey and E. C. Romero and T. K. Gates},
	Journal = {Journal of Hydrolog},
	Number = {521},
	Pages = {341-359},
	Title = {Assessing best managment practices for remediation of selenium loading in groundwater streams in an irrigated region.},
	Year = {2015}}

@article{Banuelos2007,
	Author = {Banuelos, G.S. and Lin, Z.Q.},
	Journal = {Environmental Pollution},
	Number = {3},
	Pages = {306-312},
	Title = {Acceleration of selenium volatilization in seleniferous agricultural drainage sediments amended with methionine and casein},
	Volume = {150},
	Year = {2007}}

@manual{nlstools,
	Author = {Florent Baty and M. L. Delignette-Muller and Sandrine Charles and Jean-Pierre Flandrois and Christian Ritz},
	Month = {September},
	Title = {Package 'nlstools'},
	Year = {2013}}

@article{Beck1987,
	Author = {Beck, M.B.},
	Journal = {Water Resources Research},
	Number = {8},
	Pages = {1393-1442},
	Title = {Water quality modeling: A review of the analysis of uncertainty.},
	Volume = {23},
	Year = {1987}}

@article{Berndtsson1990,
	Author = {Ronny Berndtsson},
	Journal = {Water Resources Research},
	Pages = {1549-1558},
	Title = {Transport And Sedimentation Of Pollutants In A River Reach: A Chemica Mass Balance Approach},
	Volume = {26},
	Year = {1990}}

@article{Besser1989,
	Author = {Besser, John M. and Huckins, James N. and Little, Edward E. and La Point, Thomas W.},
	Journal = {Environmental Pollution},
	Pages = {1-12},
	Title = {Distribution and Bioaccumulation of Seleniumin Aquatic Microcosms},
	Volume = {62},
	Year = {1989}}

@inproceedings{Boon1989,
	Author = {J.G. Boon and J. Pinter and L. Somlyody},
	Booktitle = {Closing the Gap Between Theory and Practice (Proceedings of the Baltimore Symposium, May 1989)},
	Number = {180},
	Pages = {141-149},
	Title = {A new stochastic approach for controlling point source river pollution},
	Year = {1989}}

@mastersthesis{Braga2011,
	Address = {San Diego, Calif.},
	Author = {Braga, Marcelo do Vale},
	School = {San Diego State University},
	Title = {The Role Of Biological Volatilization In Selenium Removal By The Imperial Constructed Wetlands, Imperial, Ca},
	Year = {2011}}

@book{bridgeland2008business,
	Author = {Bridgeland, David M and Zahavi, Ron},
	Publisher = {Morgan Kaufmann},
	Title = {Business modeling: a practical guide to realizing business value},
	Year = {2008}}

@article{Buhman2002,
	Author = {Daniel L. Buhman and Timmothy K. Gates and Chester C. Watson},
	Journal = {Journal of Hydraulic Engineering},
	Number = {4},
	Pages = {426-437},
	Title = {Stochastic Variability of Fluvial Hydraulic Geometry: Mississippi and Red Rivers},
	Volume = {128},
	Year = {2002}}

@techreport{cain1985,
	Author = {Cain, Doug},
	Institution = {United States Geological Survey},
	Title = {Quality of the Arkansas River and irrigation-return flows in the lower Arkansas River Valley, Colorado},
	Year = {1985}}

@electronic{Chemicool2015,
	Author = {{Chemicool Periodic Table}},
	Howpublished = {Web},
	Month = {October},
	Organization = {Chemicool.com},
	Title = {Selenium},
	Url = {http://www.chemicool.com/elements/selenium.html},
	Year = {2012},
	Bdsk-Url-1 = {http://www.chemicool.com/elements/selenium.html}}

@conference{Christensen2011,
	Author = {Victoria G. Christensen and Andrew C. Ziegler and Jennifer L. Graham and Rachel A. Esralew},
	Booktitle = {International Symposium for 19th Anniversary of World Water Day Seoul, Korea 21 March 2011},
	Title = {In-stream Water-quality Estimation: Case Studies In Real-time Stream And Lake Monitoring In The Central Usa},
	Year = {2011}}

@article{Christophersen1981,
	Author = {Christophersen, N. and Wright, R.F.},
	Issue = {2},
	Journaltitle = {Water Resources Research},
	Number = {17},
	Owner = {Keith},
	Pages = {377-389},
	Timestamp = {2015.05.15},
	Title = {Sulfate budget and a model for sulfate concentration in stream water at Birkenes, a small forested catchment in southernmost Norway.},
	Year = {1981}}

@book{clifford2009,
	Author = {Clifford, W Austin and Doesken, Nolan J},
	Publisher = {Colorado Water Institute, Colorado State University},
	Title = {Detecting trends in evapotranspiration in Colorado},
	Year = {2009}}

@book{Clifton1989,
	Author = {Clifton, Daphne G. and Gilliom, Robert J.},
	Number = {88-4217},
	Publisher = {U.S. Geological Survey},
	Series = {Water-Resources Investigations Report},
	Title = {Sources and concentrations of dissolved solids and selenium in the San Joaquin River and its tributaries, California, October 1985 to March 1987},
	Year = {1989}}

@electronic{USGSPL89,
	Author = {Cobb, Ernest D.},
	Date-Modified = {2016-09-19 21:34:14 +0000},
	Howpublished = {Policy Letter},
	Institution = {Office of Surface Water},
	Journal = {Policy Statement 89.08.},
	Month = {6},
	Organization = {USGS},
	Title = {Programs and Plans--Policy Statement on Stage Accuracy.},
	Url = {http://water.usgs.gov/admin/memo/SW/sw89.08.html},
	Year = {1989},
	Bdsk-Url-1 = {http://water.usgs.gov/admin/memo/SW/sw89.08.html}}

@phdthesis{2010Cody,
	Author = {Brent M. Cody},
	School = {Colorado State University},
	Title = {Sources, Occurrence, And Mobilization Of Selenium In Colorado's Lower Arkansas River Valley},
	Year = {2010}}

@article{Cohen2001,
	Author = {Cohen, Michael J. and Henges-Jeck, Christine and Castillo-Moreno, Gerardo},
	Journal = {Journal of Arid Environments},
	Pages = {35-48},
	Title = {A preliminary water balance for the Colorado River delta, 1992-1998},
	Volume = {49},
	Year = {2001}}

@electronic{CCC2012StationDescription,
	Author = {{Colorado Climate Center}},
	Howpublished = {World Wide Web},
	Title = {{CoAgMet} station description},
	Url = {http://www.coagmet.colostate.edu/station_description.php},
	Year = {2012},
	Bdsk-Url-1 = {http://www.coagmet.colostate.edu/station_description.php}}

@electronic{Csu2012,
	Author = {{Colorado Climate Center}},
	Organization = {Colorado State University},
	Title = {About {CoAgMet}},
	Url = {http://www.coagmet.colostate.edu/about.php},
	Year = {2012},
	Bdsk-Url-1 = {http://www.coagmet.colostate.edu/about.php}}

@book{CSBI1979,
	Author = {{Colorado State Board of Immigration}},
	Publisher = {Brock-Hoffner Press},
	Title = {The story of Colorado farming,mining,manufacturing},
	Year = {1979}}

@article{Cooke1987,
	Author = {Cooke, T.D. and Bruland, K.W.},
	Journal = {Environ. Sci. Technol.},
	Pages = {1214-1219},
	Title = {Aquatic chemistry of selenium: evidence of biomethylation},
	Volume = {21:12},
	Year = {1987}}

@book{Crowfoot2002,
	Author = {By R.M. Crowfoot and W.F. Payne and G.B. O'Neill},
	Number = {CO-02-1},
	Publisher = {U.S. Geological Survey},
	Series = {Water-Data Report},
	Title = {Water Resources Data Colorado Water Year 2002 Volume 1. Missouri River Basin, Arkansas River Basin, and Rio Grande Basin},
	Year = {2002}}

@book{darton1906,
	Author = {Darton, Nelson Horatio},
	Publisher = {US Government Printing Office},
	Title = {Geology of the Bighorn Mountains},
	Volume = {51},
	Year = {1906}}

@article{delignette2014,
	Author = {Delignette-Muller, Marie Laure and Dutang, Christophe},
	Title = {fitdistrplus: An R Package for Fitting Distributions},
	Year = {2014}}

@manual{delignette2012,
	Author = {M. L. Delignette-Muller and Christophe Dutang},
	Title = {Fitting parametric univariate distributions to non censored or censored data using the R fitdistrplus package},
	Year = {2012}}

@techreport{NCDC2003,
	Author = {Doesken, Nolan J. and Pielke, Roger A. Sr. and Bliss, Odilia A.P. Bliss},
	Institution = {National Climatic Data Center},
	Title = {Climatography of the United State No. 60},
	Year = {2003}}

@inproceedings{2005Donnelly,
	Author = {Donnelly, Joseph P and Gates, Timothy K.},
	Booktitle = {Impacts of Global Climate Change},
	Organization = {ASCE},
	Pages = {1--12},
	Title = {Assessing irrigation-induced selenium and iron in the Lower Arkansas River Valley in Colorado},
	Year = {2005}}

@phdthesis{donnelly2005,
	Author = {Donnelly, Joseph P and Gates, Timothy K.},
	School = {Colorado State University},
	Title = {Assessing irrigation-induced selenium and iron in the Lower Arkansas River Valley in Colorado},
	Year = {2005}}

@manual{datatable,
	Author = {M. Dowle and T. Short and S. Lianoglou and A. Srinivasan and R Saporta},
	Month = {September},
	Title = {Package 'data.table'},
	Year = {2013}}

@article{1960Drake,
	Author = {Drake, C. and Grant, A.B. and Hartley, W.J.},
	Journal = {New Zealand Veterinary Journal},
	Number = {1},
	Pages = {7-10},
	Title = {Selenium and animal health},
	Volume = {8},
	Year = {1960}}

@article{Elder1985,
	Author = {Elder, J.F.},
	Issue = {5},
	Journaltitle = {Water Resources Research},
	Number = {21},
	Owner = {Keith},
	Pages = {724-732},
	Timestamp = {2015.05.15},
	Title = {Nitrogen and phosphorus speciation and flux in a large Florida river wetland system.},
	Year = {1985}}

@article{Finch:2001,
	Author = {J.W. Finch},
	Date-Modified = {2016-09-19 20:07:58 +0000},
	Journal = {Hydrological Processes},
	Pages = {2771-2778},
	Title = {A comparison between measured and modeled open water evaporation from a reservoir in south-east {England}.},
	Volume = {15},
	Year = {2001}}

@article{Frappart2008,
	Author = {Fr{\~A}{\copyright}d{\~A}{\copyright}ric Frappart and Fabrice Papa and James S. Famiglietti and Catherine Prigent and William B. Rossow and Fr{\~A}{\copyright}d{\~A}{\copyright}rique Seyler},
	Journal = {Journal of Geophysical Research},
	Month = nov,
	Number = {21},
	Pages = {1-8},
	Title = {Interannual Variations of River Water Storage in the Rio Negro River basin from a Multiple Satellite Approach},
	Volume = {113},
	Year = {2008}}

@article{Frappart2005,
	Author = {Fr{\~A}{\copyright}d{\~A}{\copyright}ric Frappart and Fr{\~A}{\copyright}{\`I}d{\~A}{\copyright}{\`I}rique Seyler and Jean-Michel Martinez and Juan G. Leo{\`I}n and Anny Cazenave},
	Journal = {Remote Sensing of the Environment},
	Keywords = {Remote sensing; Hydrology; Altimetry; Water level and water volume variation},
	Month = dec,
	Number = {4},
	Pages = {387-399},
	Title = {Floodplain water storage in the Negro River basin estimated from microwave remote sensing of inundation area and water levels},
	Volume = {99},
	Year = {2005}}

@article{Fuller1979,
	Author = {Fuller, G.A.},
	Issn = {0315-1468},
	Journal = {Canadian Journal of Civil Engineering},
	Number = {3},
	Pages = {468-472},
	Title = {Estimating ungauged streamflow using principal components},
	Volume = {6},
	Year = {1979}}

@article{Gardner1981,
	Author = {R.H. Gardner And R.V. O'Neill And J.B. Mankin And J.H. Carney},
	Journal = {Ecological Modelling},
	Pages = {173-190},
	Title = {A Comparison Of Sensitivity Analysis And Error Analysis Based On A Stream Ecosystem Model},
	Volume = {12},
	Year = {1981}}

@article{Gates1996,
	Author = {Gates, Timmothy K. and Al-Zahrani, Muhammad A.},
	Journal = {Journal of Hydraulic Engineering},
	Number = {11},
	Pages = {641-651},
	Title = {Spatiotemporal Stochastic Open-Channel Flow. I: Model And Its Parameter Data},
	Volume = {122},
	Year = {1996}}

@article{gates2009,
	Author = {Gates, Timothy K. and Cody, Brent M. and Donnelly, Joseph P. and Herting, Alexander W. and Bailey, Ryan T and Mueller-Price, Jennifer},
	Journal = {Journal of environmental quality},
	Number = {6},
	Pages = {2344--2356},
	Publisher = {American Society of Agronomy, Crop Science Society of America, Soil Science Society},
	Title = {Assessing selenium contamination in the irrigated stream--aquifer system of the Arkansas River, Colorado},
	Volume = {38},
	Year = {2009}}

@book{Gates2006,
	Author = {Gates, Timothy K. and Garcia, Luis A. and Labadie, John W. and Institute., Colorado Water Resources Research and Station., Colorado Agricultural Experiment},
	Pages = {-},
	Publisher = {Colorado Water Resources, Research Institute : Colorado Agricultural Experiment Station},
	Title = {Toward optimal water management in Colorado's Lower Arkansas River Valley : monitoring and modeling to enhance agriculture and environment},
	Year = {2006}}

@techreport{Gersberg2006,
	Author = {Richard M. Gersberg},
	Institution = {Southwest Consortium for Environmental Research and Policy and San Diego State University},
	Number = {W-06-3},
	Title = {Selenium in the New River and an Evaluation of Human Health Risk Reduction by the Brawley and Imperial Constructed Wetlands Demonstration Project},
	Type = {Summary and Final Report},
	Year = {2006}}

@techreport{Gersberg2009,
	Author = {Gersberg, Richard M. and Braga, Marcelo and Watanabe, Kayo},
	Institution = {Southwest Consortium for Environmental Research and Policy and San Diego State University},
	Number = {W-09-01},
	Title = {Selenium Removal by Constructed Wetlands in the Imperial Valley: Quantitative Importance of Biological Volatilization in the Treatment of Selenium-Laden Agricultural Drain Water},
	Type = {Summary and Final Report},
	Year = {2009}}

@article{gillespie1986,
	Author = {Gillespie, Robert B and Baumann, Paul C},
	Journal = {Transactions of the American Fisheries Society},
	Number = {2},
	Pages = {208--213},
	Publisher = {Taylor \& Francis},
	Title = {Effects of high tissue concentrations of selenium on reproduction by bluegills},
	Volume = {115},
	Year = {1986}}

@article{Ginzburg2003,
	Author = {Ginzburg, Lev R. and Jensen, Christopher X.J.},
	Journal = {Trends in Ecology \& Evolution},
	Number = {3},
	Pages = {121--126},
	Publisher = {Elsevier},
	Title = {Rules of thumb for judging ecological theories},
	Volume = {19},
	Year = {2003}}

@article{haan2002,
	Author = {Haan, Charles Thomas},
	Publisher = {The Iowa State University Press},
	Title = {Statistical methods in hydrology},
	Year = {2002}}

@article{haan1989,
	Author = {C. T. Haan},
	Journal = {Transactions of the {ASAE}},
	Number = {1},
	Pages = {0137--0146},
	Publisher = {American Society of Agricultural and Biological Engineers ({ASABE})},
	Title = {Parametric Uncertainty in Hydrologic Modeling},
	Volume = {32},
	Year = {1989}}

@article{Ham1990,
	Author = {Ham, Jay M. and Heilman, J.L. and Lascano, R.J.},
	Issn = {0168-1923},
	Journal = {Agricultural and Forest Meteorology Agricultural and Forest Meteorology},
	Number = {3-4},
	Pages = {287-301},
	Title = {Determination of soil water evaporation and transpiration from energy balance and stem flow measurements},
	Volume = {52},
	Year = {1990}}

@article{Hamilton1999,
	Author = {Hamilton, S.J. and Lemly, A.D.},
	Issn = {0147-6513},
	Journal = {Ecotoxicology and Environmental Safety},
	Number = {3},
	Pages = {227-35},
	Title = {Water-sediment controversy in setting environmental standards for selenium.},
	Volume = {44},
	Year = {1999}}

@article{Hamilton20041,
	Author = {Steven J. Hamilton},
	Issn = {0048-9697},
	Journal = {Science of The Total Environment},
	Keywords = {Selenium},
	Pages = {1 - 31},
	Title = {Review of selenium toxicity in the aquatic food chain},
	Volume = {326},
	Year = {2004}}

@article{harmel2007,
	Author = {Harmel, R Daren and Smith, Patricia K},
	Journal = {Journal of Hydrology},
	Number = {3},
	Pages = {326--336},
	Publisher = {Elsevier},
	Title = {Consideration of measurement uncertainty in the evaluation of goodness-of-fit in hydrologic and water quality modeling},
	Volume = {337},
	Year = {2007}}

@book{Helsel1992,
	Author = {D.R. Helsel and R.M. Hirsch},
	Publisher = {U.S. Geological Survey},
	Title = {Statistical Methods in Water Resources},
	Year = {1992}}

@techreport{Hem1985,
	Author = {John D. Hem},
	Institution = {U.S. Geologial Society},
	Number = {2254},
	Title = {Study and Interpretation of the Chemical Characteristics of Natural Water},
	Type = {Water-Supply Paper},
	Year = {1985}}

@article{herschy2002,
	Author = {Herschy, RW},
	Journal = {Flow Measurement and Instrumentation},
	Number = {5},
	Pages = {281--284},
	Publisher = {Elsevier},
	Title = {The uncertainty in a current meter measurement},
	Volume = {13},
	Year = {2002}}

@article{herting2006,
	Author = {Herting, Alexander W. and Gates, Timothy K.},
	Journal = {Colorado State University Hydrology Days, Colorado State University, Fort Collins, Colorado},
	Title = {Assessing and modeling irrigation-induced selenium in the stream-aquifer system of the Lower Arkansas River Valley, Colorado},
	Year = {2006}}

@article{Hung1995,
	Author = {Hung, J. J. and Shy, C. P.},
	Issn = {01608347},
	Journal = {Estuaries},
	Language = {English},
	Number = {1},
	Pages = {pp. 234-240},
	Publisher = {Coastal and Estuarine Research Federation},
	Title = {Speciation of Dissolved Selenium in the Kaoping and Erhjen Rivers and Estuaries, Southwestern Taiwan},
	Volume = {18},
	Year = {1995}}

@article{gum2008,
	Author = {ISO},
	Journal = {Organization for Standardization, Geneva, Switzerland},
	Title = {Guide to the Expression of Uncertainty in Measurement, (1995), with Supplement 1, Evaluation of measurement data, JCGM 101: 2008},
	Year = {2008}}

@manual{msm,
	Author = {Christopher Jackson},
	Title = {Package 'msm'},
	Year = {2013}}

@article{Jain1996,
	Author = {Jain, C. K.},
	Issn = {0022-1694},
	Journal = {JOURNAL OF HYDROLOGY -AMSTERDAM-},
	Pages = {105-115},
	Title = {Application of chemical mass balance to upstream-downstream river monitoring data},
	Volume = {182},
	Year = {1996}}

@article{1999Jensen,
	Author = {L. Jensen},
	Journal = {A.L.Moxon Honorary Lecture},
	Title = {History and importance of selenium for poultry},
	Year = {1999}}

@conference{Jensen2010,
	Author = {Jensen, M.E.},
	Booktitle = {Evapotranspiration Workshop: Using the Best Science to Estimate Consumptive Use},
	Comment = {Presented at the {CSU/ARS} Evapotranspiration Workshop, Fort Collins, CO, 15-Mar-2010.},
	Month = mar,
	Organization = {{CSU/ARS} Evapotranspiration Workshop},
	Publisher = {Colorado State University and USDA ARS},
	Series = {Evapotranspiration Workshop: Using the Best Science to Estimate Consumptive Use},
	Title = {Estimating Evaporation from Water Surfaces},
	Year = {2010}}

@article{johnson2009,
	Author = {Johnson, Paula I and Gersberg, Richard M and Rigby, Mark and Roy, Sujoy},
	Journal = {Ecological Engineering},
	Number = {5},
	Pages = {908--913},
	Publisher = {Elsevier},
	Title = {The fate of selenium in the Imperial and Brawley constructed wetlands in the Imperial Valley (California)},
	Volume = {35},
	Year = {2009}}

@book{Johnson2007,
	Author = {Johnson, Richard A. and Wichern, Dean W},
	Edition = {6th},
	Publisher = {Pearson},
	Title = {Applied Multivariate Statistical Analysis},
	Year = {2007}}

@article{Juahir2011,
	Author = {Hafizan Juahir and Sharifuddin M. Zain and Mohd Kamil Yusoff and T.I. Kengku Hanidza and A.S. Mohd Armi and Mohd Ekhwan Toriman and Mazlin Mokhtar},
	Issn = {0167-6369},
	Journal = {Environmental Monitoring and Assessment},
	Pages = {625-641},
	Publisher = {Springer},
	Title = {Spatial water quality assessment of Langat River Basin (Malaysia) using environmetric techniques},
	Volume = {173},
	Year = {2011}}

@misc{2014Kansas303d,
	Author = {{Kansas Department of Health and Environment}},
	Institution = {State of Kansas},
	Title = {2014 Kansas 303(d) List},
	Year = {2014}}

@article{Koklu2010,
	Author = {Koklu, R. and Sengorur B. and Topal, B.},
	Issn = {0920-4741},
	Journal = {Water Resour. Manage. Water Resources Management},
	Number = {5},
	Pages = {959-978},
	Title = {Water quality assessment using multivariate statistical methods-a case study: Melen river system (Turkey)},
	Volume = {24},
	Year = {2010}}

@manual{Komsta2012,
	Author = {Lukasz Komsta and Frederick Novomestky},
	Date-Modified = {2015-02-19 04:34:58 +0000},
	Note = {R package version 0.13},
	Title = {moments: Moments, cumulants, skewness, kurtosis and related tests},
	Year = {2012},
	Bdsk-Url-1 = {http://CRAN.R-project.org/package=moments}}

@article{konikow1974,
	Author = {Konikow, Leonard F and Bredehoeft, John D},
	Journal = {Water Resources Research},
	Number = {3},
	Pages = {546--562},
	Publisher = {Wiley Online Library},
	Title = {Modeling flow and chemical quality changes in an irrigated stream-aquifer system},
	Volume = {10},
	Year = {1974}}

@techreport{Lalvani2004,
	Author = {Shashi B. Lalvani},
	Institution = {Miami University},
	Owner = {Keith},
	Timestamp = {2015.05.15},
	Title = {SELENIUM REMOVAL FROM AGRICULTURAL DRAINAGE WATER: LAB SCALE STUDIES},
	Year = {2004}}

@article{Latimer1988,
	Author = {Latimer, J.S. and Carey, C.G. and Hoffman, E.J. and Quinn, J.G.},
	Journaltitle = {Water Resource Bulliten},
	Number = {4},
	Owner = {Keith},
	Pages = {791-800},
	Timestamp = {2015.05.15},
	Title = {Water quality in the Pawtuxet river: Metal monitoring and geochemistry.},
	Volume = {24},
	Year = {1988}}

@article{Lawson2001,
	Author = {Lawson, N.M. and Mason, R.P.},
	Issn = {0043-1354},
	Journal = {Water research},
	Number = {17},
	Pages = {4039-52},
	Title = {Concentration of mercury, methylmercury, cadmium, lead, arsenic, and selenium in the rain and stream water of two contrasting watersheds in western Maryland.},
	Volume = {35},
	Year = {2001}}

@book{Lemly1988,
	Author = {Lemly, A.D. and Smith, G.J.},
	Date-Modified = {2016-09-19 21:28:24 +0000},
	Month = {1},
	Title = {Aquatic cycling of selenium: implications for fish and wildlife},
	Year = {1988}}

@article{Lemly2002,
	Author = {Lemly, A Dennis},
	Journal = {Aquatic Toxicology},
	Number = {1},
	Pages = {39--49},
	Publisher = {Elsevier},
	Title = {Symptoms and implications of selenium toxicity in fish: the Belews Lake case example},
	Volume = {57},
	Year = {2002}}

@article{Lemly1993,
	Author = {A. Dennis Lemly},
	Issn = {0166-445X},
	Journal = {Aquatic Toxicology},
	Keywords = {Selenium},
	Pages = {133 - 158},
	Title = {Metabolic stress during winter increases the toxicity of selenium to fish},
	Volume = {27},
	Year = {1993}}

@book{Leopold1957,
	Address = {Washington},
	Author = {Leopold, Luna B. and Wolman, M. Gordon and (U.S.), Geological Survey},
	Publisher = {U.S. Govt. Print. Off.},
	Title = {River channel patterns: braided, meandering, and straight,},
	Year = {1957}}

@article{Li2010a,
	Author = {Siyue Li and Quanfa Zhang},
	Issn = {0304-3894},
	Journal = {Journal of Hazardous Materials Journal of Hazardous Materials},
	Number = {1-3},
	Pages = {1051-1058},
	Title = {Risk assessment and seasonal variations of dissolved trace elements and heavy metals in the Upper Han River, China},
	Volume = {181},
	Year = {2010}}

@article{Li2010b,
	Author = {Siyue Li and Quanfa Zhang},
	Issn = {0304-3894},
	Journal = {J. Hazard. Mater. Journal of Hazardous Materials},
	Number = {1-3},
	Pages = {579-588},
	Title = {Spatial characterization of dissolved trace elements and heavy metals in the upper Han River (China) using multivariate statistical techniques},
	Volume = {176},
	Year = {2010}}

@book{2000luoma,
	Author = {Samuel N. Luoma and T.S. Presser and {Contra Costa County} and {Contra Costa Water District}},
	Publisher = {US Department of the Interior, US Geological Survey},
	Title = {Forecasting selenium discharges to the San Francisco Bay-Delta Estuary: ecological effects of a proposed San Luis Drain extension},
	Year = {2000}}

@article{Martin1979,
	Author = {J.M. Martin and M. Meybeck},
	Journal = {Marine Chemistry},
	Title = {Elemental mass-balance of material carried by major world rivers},
	Volume = {7},
	Year = {1979}}

@article{Masscheleyn1990,
	Author = {Patrick H. Masscheleyn and Ronald D. Delaune and William H. Patrick Jr.},
	Journal = {Environ. Sci. Technol.},
	Pages = {91-96},
	Review = {Environ. Sci. Technol. 1990. 24, 91-96},
	Title = {Transformations of Selenium As Affected by Sediment Oxidation-Reduction Potential and pH},
	Volume = {24},
	Year = {1990}}

@book{1991mcada,
	Author = {Charles W. McAda and Lynn R. Kaeding},
	Publisher = {US Fish and Wildlife Service, Colorado River Fishery Project},
	Title = {Physical Changes in the Gunnison and Colorado Rivers Resulting from Construction of the Aspinall Unit and Related Projects, with Hypotheses to Assess the Effects on the Endangered Fisher: Final Report},
	Year = {1991}}

@techreport{McCabe2007,
	Author = {Gregory J. McCabe and Steven L. Markstrom},
	Institution = {USGS},
	Owner = {Keith},
	Timestamp = {2015.05.15},
	Title = {A Monthly Water-Balance Model Driven By a Graphical User Interface},
	Year = {2007}}

@article{mcmahon1997,
	Author = {McMahon, Gerard and Woodside, Michael D},
	Journal = {JAWRA Journal of the American Water Resources Association},
	Number = {3},
	Pages = {573--589},
	Publisher = {Wiley Online Library},
	Title = {NUTRIENT MASS BALANCE FOR THE ALBEMARLE-PAMLICO DRAINAGE BASIN, NORTH CAROLINA AND VIRGINIA, 19901},
	Volume = {33},
	Year = {1997}}

@book{Miles1977,
	Author = {Donald L. Miles},
	Catalog-Url = {http://discovery.library.colostate.edu/Record/.b10626128},
	Language = {English},
	Pages = {Array},
	Publisher = {Region VIII, Environmental Protection Agency},
	Subjects = {Irrigation farming;Salinity},
	Title = {Salinity in the Arkansas Valley of Colorado},
	Type = {Book},
	Year = {1977}}

@techreport{Miller2010,
	Author = {Lisa D. Miller and Kenneth R. Watts and Roderick F. Ortiz and Tamara Ivahnenko},
	Institution = {US Geological Survey},
	Title = {Occurrence and Distribution of Dissolved Solids, Selenium, and Uranium in Groundwater and Surface Water in the {A}rkansas {R}iver Basin from the Headwaters to {C}oolidge, {K}ansas, 1970-2009: {U.S. Geological Survey} Scientific Investigation Report 2010-5069},
	Year = {2010}}

@article{moore1967,
	Author = {Moore, John E and Wood, Leonard A},
	Journal = {Groundwater},
	Number = {1},
	Pages = {20--23},
	Publisher = {Wiley Online Library},
	Title = {Data Requirements and Preliminary Results of an Analog-Model Evaluation---Arkansas River Valley in Eastern Coloradoa},
	Volume = {5},
	Year = {1967}}

@article{Morway2013,
	Author = {Eric D. Morway and Richard G. Niswonger and Christian D. Langevin and Ryan T. Bailey and Richard W. Healy},
	Date-Modified = {2015-02-19 04:34:58 +0000},
	Journal = {Groundwater},
	Number = {51},
	Pages = {237--251},
	Title = {Modeling variably saturated subsurface solute transport with {MODFLOW-UZF} and {MT3DMS}.},
	Year = {2013},
	Bdsk-Url-1 = {http://dx.doi.org/10.1111/j.1745-6584.2012.00971.x}}

@techreport{MSE2001,
	Author = {{MSE Technology Applications, Inc.}},
	Institution = {{National Risk Management Research Laboratory} and {Federal Energy Technology Center}},
	Owner = {Keith},
	Timestamp = {2015.05.15},
	Title = {Selenium Treatment/Removal Alternatives Demonstration Project. Mine Waste Technology Program Activity III, Project 20},
	Year = {2001}}

@article{Mueller2008,
	Author = {Mueller-Price, Jennifer and Gates, Timmothy K.},
	Issn = {0733-9372},
	Journal = {Journal of Environmental Engineering},
	Number = {4},
	Pages = {247-258},
	Title = {Assessing uncertainty in mass balance calculation of river nonpoint source loads},
	Volume = {134},
	Year = {2008}}

@article{2008naftz,
	Author = {Naftz, David L and Johnson, William P and Freeman, Michael and Beisner, Kimberly and Diez, X},
	Journal = {US Geological Survey scientific investigations report},
	Title = {Estimation of selenium loads entering the south arm of Great Salt Lake, Utah},
	Volume = {5069},
	Year = {2008}}

@inbook{Nagler2010a,
	Author = {Nagler, Pamela L. and Glenn, Edward P. and Jarnevich, Catherine S. and Shafroth, Patrick B.},
	Chapter = {2},
	Journal = {Saltcedar and Russian Olive control demonstraction act science assessment},
	Pages = {7-32},
	Publisher = {U.S. Geological Survey},
	Title = {Distribution and Abundance of Saltcedar and Russian Olive in the Western United States},
	Year = {2010}}

@inbook{Nagler2010b,
	Author = {Nagler, Pamela L. and Shafroth, Patrick B. and LaBaugh, James W. and Snyder, Keirith A. and Scott, Russel L. and Merritt, David M. and Osterber, John},
	Chapter = {2},
	Journal = {Saltcedar and Russian Olive control demonstraction act science assessment},
	Pages = {33-48},
	Publisher = {U.S. Geological Survey},
	Title = {The Potential for Water Savings Through the Control of Saltcedar and Russian Olive},
	Year = {2010}}

@article{navarro2000,
	Author = {M. Navarro-Alarc\'{o}n and M.C. L\'{o}pez-Mart\'{i}nez},
	Journal = {Science of the Total Environment},
	Number = {1},
	Pages = {347--371},
	Publisher = {Elsevier},
	Title = {Essentiality of selenium in the human body: relationship with different diseases},
	Volume = {249},
	Year = {2000}}

@article{Noori2010,
	Author = {Noori, R. and Sabahi, M.S. and Karbassi,A.R. and Baghvand, A. and Zadeh,H.T.},
	Issn = {0011-9164},
	Journal = {Desalination Desalination},
	Number = {1-3},
	Pages = {129-136},
	Title = {Multivariate statistical analysis of surface water quality based on correlations and variations in the data set},
	Volume = {260},
	Year = {2010}}

@techreport{USGS2007,
	Author = {J. Michael Norris and Michael Lewis and Michael Dorsey and Robert Kibrough and Robert R. Holmes, Jr. and Ward Staubitz},
	Institution = {USGS},
	Number = {2007-1426},
	Title = {Qualitative Comparison of Streamflow Information Programs of the U.S. Geological Survey and Three Non-Federal Agencies},
	Type = {Open-File Report},
	Year = {2007}}

@article{ONeill1982,
	Author = {R.V. O'Neill and R.H. Gardner And J.H. Carney},
	Journal = {Ecological Modelling},
	Pages = {51-65},
	Title = {Parameter Constraints In A Stream Ecosystem Model: Incorporation Of A Priori Information In {Monte Carlo} Error Analysis.},
	Volume = {16},
	Year = {1982}}

@inproceedings{Oates98largedatasets,
	Author = {Tim Oates and David Jensen},
	Booktitle = {In Proceedings of the Fourth International Conference on Knowledge Discovery and Data Mining},
	Pages = {294--298},
	Publisher = {AAAI Press},
	Title = {Large Datasets Lead to Overly Complex Models: an Explanation and a Solution},
	Year = {1998}}

@article{2002ohlendorf,
	Author = {Ohlendorf, Harry M},
	Journal = {Aquatic Toxicology},
	Number = {1},
	Pages = {1--10},
	Publisher = {Elsevier},
	Title = {The birds of Kesterson Reservoir: a historical perspective},
	Volume = {57},
	Year = {2002}}

@article{Ohlendorf1986,
	Author = {Harry M. Ohlendorf and David J. Hoffman and Michael K. Saiki and Thomas W. Aldrich},
	Date-Modified = {2015-02-19 04:34:58 +0000},
	Issn = {0048-9697},
	Journal = {Science of The Total Environment},
	Pages = {49 - 63},
	Title = {Embryonic mortality and abnormalities of aquatic birds: Apparent impacts of selenium from irrigation drainwater},
	Volume = {52},
	Year = {1986},
	Bdsk-Url-1 = {http://www.sciencedirect.com/science/article/pii/004896978690104X},
	Bdsk-Url-2 = {http://dx.doi.org/10.1016/0048-9697(86)90104-X}}

@article{oliver2009,
	Author = {Oliver, Wade and Fuller, Christopher and Naftz, David L and Johnson, William P and Diaz, Ximena},
	Journal = {Applied Geochemistry},
	Number = {5},
	Pages = {936--949},
	Publisher = {Elsevier},
	Title = {Estimating selenium removal by sedimentation from the Great Salt Lake, Utah},
	Volume = {24},
	Year = {2009}}

@article{Oram2008,
	Author = {Oram, Libbie L. and Strawn, Daniel G. and Marcus, Matthew A. and Fakra, Sirine C. and M\"{o}ller, Gregory},
	Issn = {0013-936X},
	Journal = {Environ. Sci. Technol. Environmental Science \& Technology},
	Number = {18},
	Pages = {6830-6836},
	Title = {Macro- and Microscale Investigation of Selenium Speciation in Blackfoot River, Idaho Sediments},
	Volume = {42},
	Year = {2008}}

@article{Oram2010,
	Author = {Oram, Libbie L. and Strawn, Daniel G. and Morra, Matthew J. and M\"{o}ller, Gregory},
	Issn = {0013-936X},
	Journal = {Environ. Sci. Technol. Environmental Science \& Technology},
	Number = {11},
	Pages = {4176-4183},
	Title = {Selenium Biogeochemical Cycling and Fluxes in the Hyporheic Zone of a Mining-Impacted Stream},
	Volume = {44},
	Year = {2010}}

@book{Painter1940,
	Author = {Edgar Page Painter},
	Publisher = {North Dakota State University},
	Title = {The Chemistry And Toxicity Of Selenium Compounds, With Special Reference To The Selenium Problem},
	Year = {1940}}

@techreport{Palmer1965,
	Author = {Palmer, W.C.},
	Institution = {{US Weather Bureau}},
	Owner = {Keith},
	Timestamp = {2015.05.15},
	Title = {Meteorological drought resource paper},
	Year = {1965}}

@article{Plummer1980,
	Author = {Plummer, L.N. and Back, W.},
	Journaltitle = {American Journal of Science},
	Owner = {Keith},
	Timestamp = {2015.05.15},
	Title = {The mass-balance approach: Application to interpreting the chemical evolution of hydrologic systems.},
	Year = {1980}}

@article{Quilbe2005,
	Author = {Renaud Quilb\'{e} and Alain N. Rousseau and Marc Duchemin and Annie Poulin andGeorges Gangbazo and Jean-Pierre Villeneuve},
	Date-Modified = {2015-02-19 04:34:58 +0000},
	Journal = {Journal of Hydrology},
	Pages = {295-310},
	Title = {Selecting a calculation method to estimate sediment and nutrient loads in streams: Application to the Beaurivage River (Qu\'{e}bec, Canada)},
	Volume = {326},
	Year = {2005},
	Bdsk-Url-1 = {http://dx.doi.org/10.1016/j.jhydrol.2005.11.008}}

@techreport{USGS1982a,
	Author = {S. E. Rantz and others},
	Institution = {USGS},
	Number = {2175},
	Title = {Measurement and Computation of Streamflow: Volume 1. Measurement of Stage and Discharge},
	Type = {Geological Survey Water-Supply Paper},
	Year = {1982}}

@techreport{USGS1982b,
	Author = {S. E. Rantz and others},
	Institution = {USGS},
	Number = {2175},
	Title = {Measurement and Computation of Streamflow: Volume 2. Computatio of Discharge},
	Type = {Geological Survey Water-Supply Paper},
	Year = {1982}}

@article{Rauch1998,
	Author = {Rauch, W. and Henze, M. and Koncsos, L. and Reichert, P. and Shanahan, P. and Somlyody, L. and Vanrolleghem, P.},
	Journal = {Water Science Technology},
	Number = {11},
	Pages = {237-244},
	Title = {River Water Quality Modelling: I. State of the Art},
	Volume = {38},
	Year = {1998}}

@article{rayman2000,
	Author = {Rayman, Margaret P},
	Journal = {The Lancet},
	Number = {9225},
	Pages = {233--241},
	Publisher = {Elsevier},
	Title = {The importance of selenium to human health},
	Volume = {356},
	Year = {2000}}

@article{Reckhow1994,
	Author = {Reckhow, Kenneth H.},
	Journal = {Ecological Modelling},
	Month = mar,
	Number = {1-2},
	Pages = {1-20},
	Title = {Water quality simulation modeling and uncertainty analysis for risk assessment and decision making},
	Volume = {72},
	Year = {1994},
	Bdsk-Url-1 = {http://dx.doi.org/10.1016/0304-3800(94)90143-0}}

@booklet{Ricci2005,
	Author = {Ricci, Vito},
	Date-Modified = {2015-02-19 04:34:58 +0000},
	Howpublished = {Web},
	Language = {English},
	Month = feb,
	Title = {Fitting distributions with R},
	Year = {2005},
	Bdsk-Url-1 = {cran.r-project.org/doc/contrib/Ricci-distributions-en.pdf}}

@manual{MASS,
	Author = {Brian Ripley and Bill Venables and Douglas M. Bates and Kurt Hornik and Albrecht Gebhardt and Davit Firth},
	Month = {August},
	Title = {Package 'MASS"},
	Year = {2013}}

@book{Ritz2008,
	Author = {Ritz, Christian and Streibig, Jens Carl},
	Isbn = {0387096167; 9780387096162},
	Publisher = {Springer},
	Title = {Nonlinear regression with R},
	Year = {2008}}

@article{Robertson2000,
	Author = {Robertson, W.D. and Blowes, D.W. and Ptacek, C.J. and Cherry, J.A.},
	Issn = {0017-467X},
	Journal = {Ground Water Ground Water},
	Number = {5},
	Pages = {689-695},
	Title = {Long-Term Performance of In Situ Reactive Barriers for Nitrate Remediation},
	Volume = {38},
	Year = {2000}}

@article{Rohwer1931,
	Author = {Carl Rohwer},
	Institution = {U.S. Department of Agriculture},
	Journal = {Bureau of Agricultural Engineering},
	Title = {Evaporation From Free Water Surfaces. Technical Bulletin No. 271},
	Year = {1931}}

@article{roman2014,
	Author = {Roman, Marco and Jitaru, Petru and Barbante, Carlo},
	Journal = {Metallomics},
	Number = {1},
	Pages = {25--54},
	Publisher = {Royal Society of Chemistry},
	Title = {Selenium biochemistry and its role for human health},
	Volume = {6},
	Year = {2014}}

@techreport{Roy:2006,
	Author = {Sujoy Roy and Ron Munson and Mark Rigby and Don Clark and Bill Brownie},
	Date-Modified = {2016-09-19 20:11:21 +0000},
	Institution = {Tetra Tech, Inc.},
	Month = mar,
	Title = {Performance Evaluation of the New River Demonstration Wetlands, Final Report, March 24, 2006},
	Year = {2006}}

@article{Saiki1993,
	Author = {Michael K. Saiki and Mark R. Jennings and William G. Brumbaugh},
	Journal = {Archives of Environmental Contamination and Toxicology},
	Pages = {307-319},
	Title = {Boron, Molybdenum, and Selenium in Aquatic Food Chains from the Lower San Joaquin River and Its Tributaries, California},
	Volume = {24},
	Year = {1993}}

@book{Saltelli2004,
	Address = {New York, NY, USA},
	Author = {Saltelli, Andrea and Tarantola, Stefano and Campolongo, Francesca and Ratto, Marco},
	Isbn = {0470870931},
	Publisher = {Halsted Press},
	Title = {Sensitivity Analysis in Practice: A Guide to Assessing Scientific Models},
	Year = {2004}}

@techreport{USGS2010TWRI,
	Author = {Vernon B. Sauer and D. Phil Turnipseed},
	Institution = {USGS},
	Title = {Stage Measurement at Gaging Stations, Techniques and Methods 3--A7},
	Year = {2010}}

@article{1990schmitt,
	Author = {Schmitt, Christopher J and Brumbaugh, William G},
	Journal = {Archives of Environmental Contamination and Toxicology},
	Number = {5},
	Pages = {731--747},
	Publisher = {Springer},
	Title = {National contaminant biomonitoring program: Concentrations of arsenic, cadmium, copper, lead, mercury, selenium, and zinc in US freshwater fish, 1976--1984},
	Volume = {19},
	Year = {1990}}

@article{schwarz1957,
	Author = {Schwarz, Klaus and Foltz, Calvin M},
	Journal = {Journal of the American Chemical Society},
	Number = {12},
	Pages = {3292--3293},
	Publisher = {ACS Publications},
	Title = {Selenium as an integral part of factor 3 against dietary necrotic liver degeneration},
	Volume = {79},
	Year = {1957}}

@article{scott1973,
	Author = {Scott, ML},
	Journal = {The Journal of nutrition},
	Number = {6},
	Pages = {803--810},
	Publisher = {Am Soc Nutrition},
	Title = {The selenium dilemma},
	Volume = {103},
	Year = {1973}}

@article{scott1967,
	Author = {Scott, ML and Olson, G and Krook, L and Brown, WR},
	Journal = {The Journal of nutrition},
	Number = {4},
	Pages = {573--583},
	Publisher = {Am Soc Nutrition},
	Title = {Selenium-responsive myopathies of myocardium and of smooth muscle in the young poult},
	Volume = {91},
	Year = {1967}}

@book{Seber2005,
	Author = {Seber, G.A.F. and Wild, C.J.},
	Publisher = {Hohn Wiley \& Sons, Inc.},
	Title = {Nonlinear Regression},
	Year = {2005}}

@book{Sheather2009,
	Author = {Sheather, Simon J.},
	Isbn = {0387096086; 9780387096087},
	Publisher = {Springer},
	Title = {A modern approach to regression with R},
	Year = {2009}}

@incollection{1991Skorupa,
	Author = {Skorupa, JosephP. and Ohlendorf, HarryM.},
	Booktitle = {The Economics and Management of Water and Drainage in Agriculture},
	Editor = {Dinar, Ariel and Zilberman, David},
	Isbn = {978-1-4613-6801-4},
	Publisher = {Springer US},
	Title = {Contaminants in Drainage Water and Avian Risk Thresholds},
	Year = {1991}}

@article{1998skorupa,
	Author = {Skorupa, Joseph P},
	Journal = {Environmental chemistry of selenium},
	Pages = {315--354},
	Publisher = {Marcel Dekker, Inc.: New York},
	Title = {Selenium poisoning of fish and wildlife in nature: lessons from twelve real-world examples},
	Volume = {64},
	Year = {1998}}

@techreport{2014Smith,
	Author = {David B. Smith and William F. Cannon and Laurel G. Woodruff and Federico Solano and Karl J. Ellefsen},
	Institution = {U.S. Geological Survey},
	Publisher = {U.S. Geological Survey},
	Title = {Geochemical and Mineralogical Maps for Soils of the Conterminous United States, Open-File Report 2014-1082},
	Year = {2014}}

@article{Sorensen2009,
	Author = {Sorensen, Mary A. and Parker, David R. and Trumble, John T.},
	Issn = {0269-7491},
	Journal = {Environmental Pollution Environmental Pollution},
	Number = {2},
	Pages = {384-391},
	Title = {Effects of pollutant accumulation by the invasive weed saltcedar (Tamarix ramosissima) on the biological control agent Diorhabda elongata (Coleoptera: Chrysomelidae)},
	Volume = {157},
	Year = {2009}}

@article{2002Spallholz,
	Author = {Julian E Spallholz and David J Hoffman},
	Issn = {0166-445X},
	Journal = {Aquatic Toxicology},
	Note = {State of Science and Future Needs for Selenium Aquatic Criteria},
	Pages = {27 - 37},
	Title = {Selenium toxicity: cause and effects in aquatic birds},
	Volume = {57},
	Year = {2002}}

@article{Spanou2001,
	Author = {Spanou, M. and Chen, D.},
	Issn = {1464-7141},
	Journal = {Journal Of Hydroinformatics},
	Pages = {173-194},
	Title = {Water-quality modelling of the Upper Mersey river system using an object-oriented framework},
	Volume = {3},
	Year = {2001}}

@article{Spencer2001,
	Author = {Matthew Spencer and Nicholas S. Fisher and Wen-Xiong Wang and and Scott Ferson},
	Journal = {Risk Analysis},
	Pages = {383-394},
	Title = {Temporal Variability and Ignorance in {Monte Carlo} Contaminant Bioaccumulation Models: A Case Study with Selenium in Mytilus edulis},
	Volume = {21},
	Year = {2001}}

@article{spiess2010,
	Author = {Spiess, Andrej-Nikolai and Neumeyer, Natalie},
	Journal = {BMC pharmacology},
	Number = {1},
	Pages = {6},
	Title = {An evaluation of R2 as an inadequate measure for nonlinear models in pharmacological and biochemical research: a Monte Carlo approach},
	Volume = {10},
	Year = {2010}}

@misc{5CCR1002-32,
	Author = {{State of Colorado}},
	Journal = {Colorado Revised Statues},
	Title = {5 CCR 1002-32. Regulation No. 32 - Classifications and numeric standards for Arkansas River Basin},
	Year = {2014}}

@misc{5CCR1002-31,
	Author = {{State of Colorado}},
	Journal = {Colorado Revised Statues},
	Title = {5 CCR 1002-31. Regulation No. 31 - The basic standards and methodologies for surface water},
	Year = {2013}}

@misc{5CCR1002-93,
	Author = {{State of Colorado}},
	Journal = {Colorado Revised Statues},
	Title = {5 CCR 1002-93. Regulation No. 93 - Colorado's Section 303(d) List of Impaired Waters and Monitoring and Evaluation List},
	Year = {2012}}

@misc{CRS37-84,
	Author = {{State of Colorado}},
	Journal = {Colorado Revised Statues},
	Title = {{37 CCR 84. Irrigation - Responsibility of User/Owner}},
	Year = {2012}}

@article{sutherland1988,
	Author = {Sutherland, P Lorenz and Knapp, John A},
	Journal = {Journal of Soil and Water Conservation},
	Number = {4},
	Pages = {294--298},
	Publisher = {Soil and Water Conservation Society},
	Title = {The impacts of limited water: A Colorado case study},
	Volume = {43},
	Year = {1988}}

@article{Takayanagi1984,
	Author = {Takayanagi, Kazufumi and Wong, George T.F.},
	Issn = {0272-7714},
	Journal = {Estuarine, Coastal and Shelf Science Estuarine, Coastal and Shelf Science},
	Number = {1},
	Pages = {113-119},
	Title = {Total selenium and selenium (IV) in the James River estuary and southern Chesapeake Bay},
	Volume = {18},
	Year = {1984}}

@techreport{Thomas1983,
	Author = {Thomas, H.A. and Marin, C.M. and Brown, M.J. and Fiering, M.B.},
	Date = {1983},
	Institution = {U.S. Geological Survey, National Technology Information Service},
	Owner = {Keith},
	Timestamp = {2015.05.15},
	Title = {Methodology for water resource assessment, Report NTIS 84124163}}

@article{1996Thomson,
	Author = {Thomson, CD and Robinson, MF},
	Date-Modified = {2016-09-19 21:28:47 +0000},
	Issn = {0954-3007},
	Journal = {European journal of clinical nutrition},
	Month = {2},
	Number = {2},
	Pages = {107-114},
	Title = {The changing selenium status of New Zealand residents},
	Volume = {50},
	Year = {1996}}

@techreport{Thornthwaite1955,
	Author = {Thornthwaite, C.W. and Mather, J.R.},
	Institution = {Drexel Institute of Technology, Laboratory of Climatology},
	Journaltitle = {Publ. Climatol. Lab.},
	Owner = {Keith},
	Timestamp = {2015.05.15},
	Title = {The water balance.},
	Year = {1955}}

@article{Tinggi2003,
	Author = {Ujang Tinggi},
	Issn = {0378-4274},
	Journal = {Toxicology Letters},
	Keywords = {Selenium},
	Pages = {103 - 110},
	Title = {Essentiality and toxicity of selenium and its status in Australia: a review},
	Volume = {137},
	Year = {2003}}

@manual{USACE2010,
	Author = {USACE},
	Month = jan,
	Title = {HEC-RAS River Analysis System User's Manual, Version 4.1},
	Year = {2010}}

@techreport{2008USBR,
	Author = {USBoR},
	Institution = {US Bureau of Reclamation},
	Publisher = {US Bureau of Reclamation},
	Title = {Programmatic Biological Assessment: Gunnison River Basin, Colorado: Operations Of The Wayne N. Aspinall Unit; Operations And Depletions Of Existing Reclamation Projects; And Operations And Depletions Of Non-federal Water Development},
	Year = {2008}}

@book{USDA2010,
	Author = {USDA and USDHHS},
	Edition = {7th},
	Publisher = {U.S. Government Printing Office},
	Title = {Dietary Guidleines for Americans, 2010.},
	Year = {2010}}

@electronic{2006USDA,
	Author = {{USDA, Agricultural Research Service}},
	Date-Modified = {2016-09-19 21:27:58 +0000},
	Month = {2},
	Organization = {USDA},
	Title = {Selenium-Accumulating Plants},
	Url = {http://www.ars.usda.gov/Research/docs.htm?docid=9979},
	Year = {2006},
	Bdsk-Url-1 = {http://www.ars.usda.gov/Research/docs.htm?docid=9979}}

@book{2014USEPA,
	Author = {USEPA},
	Editor = {USEPA},
	Publisher = {U.S. Government Printing Office},
	Title = {External Peer Review Draft Aquatic Life Ambient Water Quality Criterion for Selenium -- Freshwater 2014},
	Year = {2014}}

@techreport{EPA2014,
	Author = {{USEPA}},
	Date-Modified = {2016-09-19 21:29:01 +0000},
	Institution = {USEPA},
	Month = {2},
	Title = {Coal Combustion Residual Beneficial Use Evaluation: Fly Ash Concrete and FGD Gypsum Wallboard},
	Year = {2014}}

@techreport{EPA-Se,
	Author = {USEPA},
	Date-Modified = {2015-02-19 04:34:59 +0000},
	Institution = {USEPA},
	Month = {1999},
	Organization = {U.S. Environmental Protection Agency},
	Title = {National Recommended Water Quality Criteria},
	Year = {2009},
	Bdsk-Url-1 = {http://water.epa.gov/scitech/swguidance/standards/criteria/current/index.cfm}}

@book{EPA1992,
	Author = {USEPA},
	Date-Modified = {2016-09-19 21:32:23 +0000},
	Institution = {USEPA},
	Month = {12},
	Number = {Publication 9240.0-05A, EPA540/R-93/051, PB93-953316},
	Organization = {Office of Solid Waste and Emergency Response},
	Publisher = {U.S. Government Printing Office},
	Title = {Specifications and Guidance for Contaminant-Free Sample Containers},
	Year = {1992}}

@techreport{EPA1989,
	Author = {USEPA},
	Institution = {USEPA},
	Month = {April},
	Number = {EPA-905/8-89-001},
	Title = {Green Bay/Fox River Mass Balance Study},
	Year = {1989}}

@electronic{USGS2014,
	Author = {USGS},
	Date-Modified = {2015-02-19 04:34:59 +0000},
	Howpublished = {Internet},
	Month = {Feb},
	Organization = {U.S. Geoloical Survey},
	Title = {Explanation for the national water conditions},
	Url = {http://water.usgs.gov/nwc/explain_data.html},
	Year = {2014},
	Bdsk-Url-1 = {http://water.usgs.gov/nwc/explain_data.html}}

@electronic{USGS2012NWIS,
	Author = {USGS},
	Date-Modified = {2015-02-19 04:34:59 +0000},
	Title = {National Water Information System data available on the World Wide Web (USGS Water Data for the Nation)},
	Url = {http://waterdata.usgs.gov/nwis/},
	Year = {2012},
	Bdsk-Url-1 = {http://waterdata.usgs.gov/nwis/}}

@electronic{USGS2011NWIS,
	Author = {USGS},
	Date-Modified = {2015-02-19 04:34:59 +0000},
	Title = {National Water Information System data available on the World Wide Web (USGS Water Data for the Nation)},
	Url = {http://waterdata.usgs.gov/nwis/},
	Year = {2011},
	Bdsk-Url-1 = {http://waterdata.usgs.gov/nwis/}}

@electronic{USGS2010NWIS,
	Author = {USGS},
	Date-Modified = {2015-02-19 04:34:59 +0000},
	Title = {National Water Information System data available on the World Wide Web (USGS Water Data for the Nation)},
	Url = {http://waterdata.usgs.gov/nwis/},
	Year = {2010},
	Bdsk-Url-1 = {http://waterdata.usgs.gov/nwis/}}

@electronic{USGS2009NWIS,
	Author = {USGS},
	Date-Modified = {2015-02-19 04:42:00 +0000},
	Title = {National Water Information System data available on the World Wide Web (USGS Water Data for the Nation)},
	Url = {http://waterdata.usgs.gov/nwis/},
	Year = {2009},
	Bdsk-Url-1 = {http://waterdata.usgs.gov/nwis/}}

@electronic{USGS2008NWIS,
	Author = {USGS},
	Date-Modified = {2015-02-19 04:34:59 +0000},
	Howpublished = {Internet},
	Organization = {U.S.Geological Society},
	Title = {National Water Information System data available on the World Wide Web (USGS Water Data for the Nation)},
	Url = {http://waterdata.usgs.gov/nwis/},
	Year = {2008},
	Bdsk-Url-1 = {http://wdr.water.usgs.gov/wy2008},
	Bdsk-Url-2 = {http://waterdata.usgs.gov/nwis/}}

@electronic{USGS2007NWIS,
	Author = {USGS},
	Date-Modified = {2015-02-19 04:34:59 +0000},
	Howpublished = {Internet},
	Organization = {U.S.Geological Society},
	Title = {National Water Information System data available on the World Wide Web (USGS Water Data for the Nation)},
	Url = {http://waterdata.usgs.gov/nwis/},
	Year = {2007},
	Bdsk-Url-1 = {http://waterdata.usgs.gov/nwis/}}

@electronic{USGS2006NWIS,
	Author = {USGS},
	Date-Modified = {2015-02-19 04:34:59 +0000},
	Title = {National Water Information System data available on the World Wide Web (USGS Water Data for the Nation)},
	Url = {http://waterdata.usgs.gov/nwis/},
	Year = {2006},
	Bdsk-Url-1 = {http://waterdata.usgs.gov/nwis/}}

@article{Vance2009,
	Author = {Vance, Ashlee},
	Journal = {New York Times},
	Title = {Data analysts captivated by R's power},
	Volume = {6},
	Year = {2009}}

@book{venables2002,
	Author = {Venables, William N and Ripley, Brian D},
	Publisher = {Springer Science \& Business Media},
	Title = {Modern applied statistics with S},
	Year = {2002}}

@article{vicens1975,
	Author = {Guillermo J. Vicens and Rodr\'{i}guez-Iturbe, Ignacio and Schaake, John C},
	Journal = {Water Resources Research},
	Number = {6},
	Pages = {827--838},
	Publisher = {Wiley Online Library},
	Title = {Bayesian generation of synthetic streamflows},
	Volume = {11},
	Year = {1975}}

@article{vinceti2001,
	Author = {Vinceti, Marco and Wei, Edward T and Malagoli, Carlotta and Bergomi, Margherita and Vivoli, Gianfranco},
	Journal = {Reviews on environmental health},
	Number = {4},
	Pages = {233--252},
	Title = {Adverse health effects of selenium in humans},
	Volume = {16},
	Year = {2001}}

@article{Vogel1999,
	Author = {R.M. Vogel},
	Journal = {Journal of Water Resources Planning and Management},
	Month = {Nov/Dec},
	Number = {6},
	Pages = {311-313},
	Title = {Stochastic and Deterministic World Views, Editorial},
	Volume = {125},
	Year = {1999}}

@article{Vrugt2008,
	Author = {Jasper A. Vrugt and Cajo J. F. ter Braak and Martyn P. Clark and James M. Hyman and Bruce A. Robinson},
	Date-Modified = {2015-02-19 04:34:59 +0000},
	Journal = {Water Resources Research},
	Pages = {1-15},
	Title = {Treatment Of Input Uncertainty In Hydrologic Modeling: Doing Hydrology Backward With {Markov} Chain {Monte Carlo} Simulation},
	Volume = {44},
	Year = {2008},
	Bdsk-Url-1 = {http://dx.doi.org/10.1029/2007WR006720.}}

@inproceedings{walter2000asce,
	Author = {Walter, Ivan A and Allen, Richard G and Elliott, Ronald and Jensen, ME and Itenfisu, D and Mecham, B and Howell, TA and Snyder, R and Brown, P and Echings, S and others},
	Booktitle = {Proc. of the Watershed Management 2000 Conference, June},
	Title = {ASCE's standardized reference evapotranspiration equation},
	Year = {2000}}

@manual{kernsmooth,
	Author = {Wand, Matt},
	Date-Modified = {2015-02-19 04:34:59 +0000},
	Month = {June},
	Organization = {CRAN},
	Title = {Package 'KernSmooth'},
	Year = {2012},
	Bdsk-Url-1 = {http://cran.r-project.org/web/packages/KernSmooth/KernSmooth.pdf}}

@book{wanielista1997,
	Author = {Wanielista, Martin and Kersten, Robert and Eaglin, Ron and others},
	Publisher = {John Wiley and Sons},
	Title = {Hydrology: Water quantity and quality control.},
	Year = {1997}}

@article{Warren2006,
	Author = {Warren, Christopher and Mackay, Don and Whelan, Mick and Fox, Kay},
	Date-Modified = {2015-02-19 04:34:59 +0000},
	Journal = {Chemosphe},
	Month = jul,
	Number = {7},
	Pages = {1232-1244},
	Title = {Mass Balance Modelling of Contaminants in River Basins: Application of the Flexible Matrix Approach},
	Volume = {68},
	Year = {2006},
	Bdsk-Url-1 = {http://dx.doi.org/10.1016/j.chemosphere.2007.01.084}}

@book{Waskom1994,
	Author = {Waskom, Reagan M.},
	Publisher = {Colorado State University},
	Title = {Best Management Practices For Irrigation Managment},
	Year = {1994}}

@article{cite-key,
	Annote = {10.1038/211327a0},
	Author = {John S. Webb and I. Thornton and K. Fletcher},
	Date = {1966/07/16/print},
	Date-Added = {2015-01-25 04:51:04 +0000},
	Date-Modified = {2015-02-19 04:34:59 +0000},
	Day = {16},
	Journal = {Nature},
	M3 = {10.1038/211327a0},
	Month = {07},
	Number = {5046},
	Pages = {327--327},
	Rating = {0},
	Title = {Seleniferous Soils in Parts of England and Wales},
	Ty = {JOUR},
	Volume = {211},
	Year = {1966},
	Bdsk-Url-1 = {http://dx.doi.org/10.1038/211327a0}}

@manual{reshape2,
	Author = {Hadley Wickham},
	Month = {August},
	Title = {Package 'reshape2'},
	Year = {2013}}

@electronic{wiki:RMSE,
	Author = {Wikipedia},
	Date-Modified = {2015-02-19 04:34:59 +0000},
	Note = {[Online; accessed 8-July-2014]},
	Title = {Root-mean-square deviation --- Wikipedia{,} The Free Encyclopedia},
	Url = {http://en.wikipedia.org/w/index.php?title=Root-mean-square_deviation&oldid=609940167},
	Year = {2014},
	Bdsk-Url-1 = {http://en.wikipedia.org/w/index.php?title=Root-mean-square_deviation&oldid=609940167}}

@electronic{wiki:Selenium,
	Author = {Wikipedia},
	Date-Modified = {2015-02-19 04:34:59 +0000},
	Note = {[Online; accessed 29-August-2014]},
	Title = {Selenium --- Wikipedia{,} The Free Encyclopedia},
	Url = {http://en.wikipedia.org/w/index.php?title=Selenium&oldid=623149852},
	Year = {2014},
	Bdsk-Url-1 = {http://en.wikipedia.org/w/index.php?title=Selenium&oldid=623149852}}

@manual{tmvtnorm,
	Author = {Stefan Wilhelm and Manjunath, B.G.},
	Month = {August},
	Organization = {CRAN},
	Title = {Package 'tmvtnorm'},
	Year = {2013}}

@electronic{Wolock2003,
	Author = {D.M. Wolock},
	Date-Modified = {2015-02-19 04:42:55 +0000},
	Organization = {USGS},
	Title = {Infiltration-excess overland flow estimated by TOPMODEL for the conterminous United States: U.S. Geological Survey Open-File Report 03-310},
	Url = {http://water.usgs.gov/GIS/metadata/usgswrd/XML/ieof48.xml},
	Year = {2003},
	Bdsk-Url-1 = {http://water.usgs.gov/GIS/metadata/usgswrd/XML/ieof48.xml}}

@article{world1996,
	Author = {{World Health Organization} and others},
	Publisher = {Geneva: World Health Organization},
	Title = {Trace elements in human nutrition and health},
	Year = {1996}}

@article{yang1983,
	Author = {Yang, GQ and Wang, SZ and Zhou, RH and Sun, SZ},
	Journal = {The American journal of clinical nutrition},
	Number = {5},
	Pages = {872--881},
	Publisher = {Am Soc Nutrition},
	Title = {Endemic selenium intoxication of humans in China.},
	Volume = {37},
	Year = {1983}}

@manual{YSI2011,
	Address = {1700 Brannum Lane, Yellow Springs, OH 45387},
	Author = {{YSI Inc.}},
	Edition = {H},
	Month = nov,
	Title = {6-Series Multiparameter Water Quality Sondes User Manual},
	Year = {2011}}

@article{Yuretich1988,
	Author = {Yuretich, R.F. and Batchelder, G.L.},
	Journaltitle = {Water Resources Research},
	Number = {1},
	Owner = {Keith},
	Pages = {105-114},
	Timestamp = {2015.05.15},
	Title = {Hydrogeochemical cycling and chemical denudation in the Fort River Watershed,. Central Massachusetts: An approach of mass-balance studies.},
	Volume = {24},
	Year = {1988}}

@manual{zoo,
	Author = {Achim Zeileis and Gabor Grothendieck and Jeffrey A. Ryan and Felix Andrews},
	Month = {August},
	Title = {Package 'zoo'},
	Year = {2013}}

@article{Zhang1997,
	Author = {Zhang, Y. and Moore, J. N.},
	Issn = {0013-936X},
	Journal = {ENVIRONMENTAL SCIENCE AND TECHNOLOGY -WASHINGTON DC-},
	Number = {2},
	Pages = {511-517},
	Title = {Environmental Conditions Controlling Selenium Volatilization from a Wetland System},
	Volume = {31},
	Year = {1997}}

@article{zielinski1995,
	Author = {Zielinski, RA and Asher-Bolinder, Sigrid and Meier, AL},
	Journal = {Applied geochemistry},
	Number = {2},
	Pages = {133--144},
	Publisher = {Elsevier},
	Title = {Uraniferous waters of the Arkansas River valley, Colorado, USA: a function of geology and land use},
	Volume = {10},
	Year = {1995}}

@article{zielinski1997,
	Author = {Zielinski, RA and Asher-Bolinder, S and Meier, AL and Johnson, CA and Szabo, BJ},
	Journal = {Applied Geochemistry},
	Number = {1},
	Pages = {9--21},
	Publisher = {Elsevier},
	Title = {Natural or fertilizer-derived uranium in irrigation drainage: A case study in southeastern Colorado, USA},
	Volume = {12},
	Year = {1997}}

@article{zieve1984,
	Author = {Zieve, R and Peterson, PJ},
	Journal = {Science of the total environment},
	Number = {2},
	Pages = {197--202},
	Publisher = {Elsevier},
	Title = {Volatilization of selenium from plants and soils},
	Volume = {32},
	Year = {1984}}

@book{DAgostino1986,
	Edition = {1},
	Editor = {Ralph B. D'Agostino and Michael A. Stephens},
	Isbn = {9780824774875},
	Publisher = {Dekker},
	Title = {Goodness-of-fit-techniques (Statistics: a Series of Textbooks and Monographs, Vol. 68)},
	Year = {1986}}

@proceedings{2009SCOTUS,
	Editor = {{United States Supreme Court}},
	Title = {Kansas v. Colorado},
	Year = {2009}}
